<?xml version="1.0" encoding="UTF-8"?><collection xmlns="http://www.loc.gov/MARC21/slim"><record><leader>00378nam--2200145-i-4500</leader><controlfield tag="001">000011144</controlfield><controlfield tag="002">20161230</controlfield><controlfield tag="005">20161230201029</controlfield><controlfield tag="008">060222s1000------------r-----000-0-eng-d</controlfield><datafield ind1=" " ind2=" " tag="080"><subfield code="a">621.375.826</subfield></datafield><datafield ind1=" " ind2=" " tag="245"><subfield code="a">Lasers in industry</subfield></datafield><datafield ind1=" " ind2=" " tag="260"><subfield code="a">New York, Van Nostrand Reinhold Co., 1972. Xvi I + 641 P</subfield></datafield><datafield ind1=" " ind2=" " tag="490"><subfield code="a">Western Electric Series</subfield></datafield><datafield ind1=" " ind2=" " tag="700"><subfield code="a">Charschan, S.S</subfield></datafield><datafield ind1=" " ind2=" " tag="852"><subfield code="a">41406</subfield></datafield></record></collection>